@article{hoge2000,
  title={ほげと千年紀---foobarの視点から---},
  author={保毛 太郎},
  sortname={Hoge, T.},
  journal={ほげ学会論文誌},
  volume=100,
  pages={20--42},
  year=2000,
  langid={japanese}
}

@article{foobar1990,
  title={The birth of \texttt{foobar}},
  author={Foo, B.},
  journal={J. Foobar},
  volume=255,
  pages={19--454},
  year=1990
}

@article{hoge2001,
  title={ほげとふがの意味論},
  author={保毛 太郎 and 布我 次郎 and 山田 三郎},
  sortname={Hoge, T. and Fuga, J. and Yamada, S.},
  journal={ほげ学会論文誌},
  volume=101,
  pages={53--58},
  year=2001,
  langid={japanese}
}
